
@misc{jigsaw-toxic-comment-classification-challenge,
    author = {cjadams and Jeffrey Sorensen and Julia Elliott and Lucas Dixon and Mark McDonald and nithum and Will Cukierski},
    title = {Toxic Comment Classification Challenge},
    year = {2017},
    howpublished = {\url{https://kaggle.com/competitions/jigsaw-toxic-comment-classification-challenge}},
    note = {Kaggle, last accessed June 23, 2025}
}

@misc{kaggle_toxic,
    author = {Wikipedia, Jigsaw and Google},
    title = {Wikipedia Comments Dataset},
    year = {2017},
    howpublished = {\url{https://www.kaggle.com/c/jigsaw-toxic-comment-classification-challenge/data}},
    note = {Kaggle, last accessed June 23, 2025}
}